<record><leader>00000cas a22000007a 4500</leader><controlfield tag="001">11779653</controlfield><controlfield tag="008">850308d18901895wiuwr ne      0    0eng d</controlfield><datafield ind1=" " ind2=" " tag="010"><subfield code="a">sn 85040299 </subfield></datafield><datafield ind1=" " ind2=" " tag="040"><subfield code="a">NPV</subfield><subfield code="b">eng</subfield><subfield code="c">NPV</subfield><subfield code="d">OCLCQ</subfield></datafield><datafield ind1=" " ind2=" " tag="042"><subfield code="a">msc</subfield></datafield><datafield ind1="0" ind2=" " tag="130"><subfield code="a">Sun (Kaukauna, Wis.)</subfield></datafield><datafield ind1="1" ind2="4" tag="245"><subfield code="a">The sun.</subfield></datafield><datafield ind1=" " ind2=" " tag="260"><subfield code="a">Kaukauna, Wis. :</subfield><subfield code="b">Sun Pub. Co.,</subfield><subfield code="c">1890-1895.</subfield></datafield><datafield ind1=" " ind2=" " tag="300"><subfield code="a">5 v. :</subfield><subfield code="b">ill.</subfield></datafield><datafield ind1=" " ind2=" " tag="310"><subfield code="a">Weekly</subfield></datafield><datafield ind1="0" ind2=" " tag="362"><subfield code="a">Vol. 5, no. 52 (July 4, 1890)-10th year, no. 34 (Feb. 22, 1895).</subfield></datafield><datafield ind1=" " ind2=" " tag="500"><subfield code="a">Paper has 2 separate mastheads, July 4-Aug. 8, 1890, 1 each for Appleton and Kaukauna.</subfield></datafield><datafield ind1=" " ind2=" " tag="752"><subfield code="a">United States</subfield><subfield code="b">Wisconsin</subfield><subfield code="c">Outagamie</subfield><subfield code="d">Kaukauna.</subfield></datafield><datafield ind1="0" ind2="0" tag="780"><subfield code="t">Kaukauna sun (Kaukauna, Wis. : 1885)</subfield><subfield code="w">(DLC)sn 85040298</subfield></datafield><datafield ind1="0" ind2="0" tag="785"><subfield code="t">Kaukauna sun (Kaukauna, Wis. : 1895)</subfield><subfield code="w">(DLC)sn 85040300</subfield></datafield></record>